@article{kraus2019ai,
  author  = {Kraus, S. and others},
  title   = {AI for Explaining Decisions in Multi-Agent Environments},
  journal = {arXiv:1910.04404},
  year    = {2019},
  url     = {https://arxiv.org/pdf/1910.04404.pdf}
}

@article{castroYear,
  author  = {Castro, M. and Liskov, B.},
  title   = {Practical Byzantine Fault Tolerance},
  journal = {Laboratory for Computer Science, Massachusetts Institute of Technology},
  year    = {Year},
  url     = {https://www.scs.stanford.edu/nyu/03sp/sched/bfs.pdf}
}

@article{ongaroYear,
  author  = {Ongaro, D. and Ousterhout, J.},
  title   = {In Search of an Understandable Consensus Algorithm (Extended Version)},
  journal = {Stanford University},
  year    = {Year},
  url     = {https://raft.github.io/raft.pdf}
}

@article{wangYear,
  author  = {Wang, X. and others},
  title   = {A Game-Theoretic Learning Framework for Multi-Agent Intelligent Wireless Networks},
  journal = {IEEE},
  year    = {Year},
  url     = {https://arxiv.org/pdf/1812.01267v2.pdf}
}

@article{hogenhout2020ethical,
  author  = {Hogenhout, L.},
  title   = {Ethical AI},
  journal = {Stanford University},
  year    = {2020},
  url     = {https://arxiv.org/pdf/2104.12547.pdf}
}

@article{ferrara2023fairness,
  author  = {Ferrara, E.},
  title   = {Fairness And Bias in Artificial Intelligence: A Brief Survey of Sources, Impacts, And Mitigation Strategies},
  journal = {arXiv:2304.07683v1},
  year    = {2023},
  url     = {https://arxiv.org/pdf/2304.07683v1.pdf}
}

@article{agasheYear,
  author  = {Agashe, S. and Fan, Y. and Wang, X. E.},
  title   = {Evaluating Multi-Agent Coordination Abilities in Large Language Models},
  journal = {University of California, Santa Cruz},
  year    = {Year},
  url     = {https://arxiv.org/pdf/2310.03903.pdf}
}

@article{zhuYear,
  author  = {Zhu, L. and Wang, X. and Wang, X.},
  title   = {JudgeLM: Fine-Tuned Large Language Models are Scalable Judges},
  journal = {Beijing Academy of Artificial Intelligence; School of EIC, Huazhong University of Science and Technology},
  year    = {Year},
  url     = {https://arxiv.org/pdf/2310.17631.pdf}
}

@article{hallyburtonYear,
  author  = {Hallyburton, R. S. and Hunt, D. and Luo, S. and Pajic, M.},
  title   = {A Multi-Agent Security Testbed for the Analysis of Attacks and Defenses in Collaborative Sensor Fusion},
  journal = {Duke University},
  year    = {Year},
  url     = {https://arxiv.org/pdf/2401.09387.pdf}
}

@article{steyversYear,
  author  = {Steyvers, M. and Kumar, A.},
  title   = {Three Challenges for AI-Assisted Decision-Making},
  journal = {Unknown},
  year    = {Year},
  url     = {https://journals.sagepub.com/doi/full/10.1177/17456916231181102}
}

@article{kaddourYear,
  author  = {Kaddour, J. and others},
  title   = {Challenges and Applications of Large Language Models},
  journal = {University College London; UK Health Security Agency; EleutherAI; University of Cambridge; Stability AI; Meta AI Research; InstaDeep},
  year    = {Year},
  url     = {https://arxiv.org/pdf/2307.10169.pdf}
}
